@online{specs,
    author = "Torstein Solheim Olberg",
    year = "2024",
    title = "Specification for Assignment 4 in IIA1319",
    url  = "https://usn.instructure.com/courses/31275/assignments/95410",
    addendum = "(accessed: 24.01.2024)",
}

@online{lecture_notes,
	author = "Nils-Olav Skeie",
	year = "2023",
	title = "Lecture notes for object-oriented analysis, design, and programming using UML and C\#",
	url  = "https://usn.instructure.com/courses/31275/files/3251492?wrap=1",
	addendum = "(accessed: 25.02.2024)",
}

@online{github,
	author = "Torstein Solheim Olberg",
	year = "2024",
	title = "IIA2017/Assignment 6",
	url  = "https://github.com/MrTorstein/IIA2017/tree/main/Assignment%204",
	addendum = "(accessed: 30.04.2024)",
}

@online{VS,
	author = "Microsoft",
	year = "2022",
	title = "Visual Studio",
	url  = "https://visualstudio.microsoft.com",
	addendum = "(accessed: 24.02.2024)",
}

@online{airheatermodel,
	author = "Finn Aakre Haugen",
	year = "2023",
	title = "LLB_air_heater_model.llb",
	url  = "http://techteach.no/courses/fm1220/2023/assignment1/LLB_air_heater_model.llb",
	addendum = "(accessed: 24.04.2024)",
}
