@online{IPClasses,
    author = "Meridian Outposts",
    year = "2024",
    title = "The Five IPv4 Classes - Quick Reference",
    url  = "https://www.meridianoutpost.com/resources/articles/IP-classes.php",
    addendum = "(accessed: 04.02.2024)",
}

@online{Assignment,
	author = "Nils-Olav Skeie",
	year = "2023",
	title = "Data Communication and Digitalization Assignment",
	url = "https://inst-fs-dub-prod.inscloudgate.net",
	addendum = "(accessed: 01.02.2024)",
}

@online{Kingston,
	author = "Klaus Hinum",
	year = "2023",
	title = "Kingston SA2000M8500G",
	url = "https://www.notebookcheck.net/Kingston-SA2000M8500G-SSD-Benchmarks.588591.0.html",
	addendum = "(accessed: 02.02.2024)",
}

@online{Intel,
	author = "Mouser Electronics",
	year = "2023",
	title = "Intel SSDPEKNW010T8",
	url = "https://no.mouser.com/ProductDetail/Intel/SSDPEKNW010T8?qs=Cb2nCFKsA8rCEtiIiJugDg%3D%3D",
	addendum = "(accessed: 02.02.2024)",
}

@online{DAQ,
	author = "Torstein SOlheim Ã˜lberg",
	year = "2024",
	title = "IIA1319/Assignment 1",
	url = "https://github.com/MrTorstein/IIA1319/tree/main/Assignment%201",
	addendum = "(accessed: 04.02.2024)",
}