@online{task,
    author = "Nils-Olav Skeie",
    year = "2023",
    title = "Multitasking and real-time assignment (GuiSw)",
    url  = "https://usn.instructure.com/courses/31276/files/3252715/download?download_frd=1",
    addendum = "(accessed: 07.03.2024)",
}

@online{app,
	author = "Nils-Olav Skeie",
	year = "2023",
	title = "IIA2017 Multitasking and Real-Time Assignment",
	url  = "https://usn.instructure.com/courses/31276/files/3205734?wrap=1",
	addendum = "(accessed: 07.03.2024)",
}

@online{LN,
	author = "Nils-Olav Skeie",
	year = "2022",
	title = "Course IIA2017 - Industrial Information Technology",
	url  = "https://usn.instructure.com/courses/31276/files/3205698/download?download_frd=1",
	addendum = "(accessed: 07.03.2024)",
}

@online{threading,
	author = "Python Software Foundation",
	year = "2024",
	title = "Thread-based parallelism",
	url = "https://docs.python.org/3/library/threading.html",
	addendum = "(axxessed: 10.03.2024)",
}

@online{github,
	author = "Torstein Solheim Olberg",
	year = "2024",
	title = "Assignment 4",
	url  = "https://github.com/MrTorstein/IIA2017/tree/main/Assignment%204",
	addendum = "(accessed: 10.03.2024)",
}

@online{a2,
	author = "Torstein Solheim Olberg",
	year = "2024",
	title = "Assignment 2",
	url  = "https://github.com/MrTorstein/IIA2017/tree/main/Assignment%202",
	addendum = "(accessed: 10.03.2024)",
}

@online{a3,
	author = "Torstein Solheim Olberg",
	year = "2024",
	title = "Assignment 3",
	url  = "https://github.com/MrTorstein/IIA2017/tree/main/Assignment%203",
	addendum = "(accessed: 10.03.2024)",
}

@online{a1,
	author = "Torstein Solheim Olberg",
	year = "2024",
	title = "Assignment 1",
	url  = "https://github.com/MrTorstein/IIA1319/tree/main/Assignment%201",
	addendum = "(accessed: 10.03.2024)",
}