@online{task,
    author = "Hans Petter Halvorsen",
    year = "2024",
    title = "DAQ and OPC System",
    url  = "https://www.halvorsen.blog/documents/teaching/courses/industrialit/lab_assignment/OPC%20Lab.pdf",
    addendum = "(accessed: 22.02.2024)",
}

@online{labview,
	author = "NI",
	year = "2024",
	title = "LabVIEW",
	url  = "https://www.ni.com/en/support/downloads/software-products/download.labview.html#521715",
	addendum = "(accessed: 24.02.2024)",
}

@online{VS,
	author = "Microsoft",
	year = "2022",
	title = "Visual Studio",
	url  = "https://visualstudio.microsoft.com",
	addendum = "(accessed: 24.02.2024)",
}

@online{Matrikon,
	author = "Matrikon",
	year = "2024",
	title = "MatrikonOPC Simulation Server",
	url  = "https://www.matrikonopc.com/products/opc-drivers/opc-simulation-server.aspx",
	addendum = "(accessed: 24.02.2024)",
}

@online{IO,
	author = "Integration Objects",
	year = "2020",
	title = "OPC UA Server Simulator",
	url  = "https://integrationobjects.com/sioth-opc/sioth-opc-unified-architecture/opc-ua-server-simulator/",
	addendum = "(accessed: 24.02.2024)",
}

@online{github,
	author = "Torstein Solheim Olberg",
	year = "2024",
	title = "Assignment 3",
	url  = "https://github.com/MrTorstein/IIA2017/tree/main/Assignment%203",
	addendum = "(accessed: 24.02.2024)",
}