@online{task,
    author = "Hans-Petter Halvorsen",
    year = "2024",
    title = "Datalogging and Monitoring System",
    url  = "https://www.halvorsen.blog/documents/teaching/courses/industrialit/lab_assignment/Database%20Lab.pdf",
    addendum = "(accessed: 01.04.2024)",
}

@online{github,
	author = "Torstein Solheim Olberg",
	year = "2024",
	title = "Assignment 5",
	url  = "https://github.com/MrTorstein/IIA2017/tree/main/Assignment%206",
	addendum = "(accessed: 07.04.2024)",
}

@online{NIDB,
	author = "Emerson",
	year = "2024",
	title = "LabVIEW Database Connectivity Toolkit",
	url  = "https://www.ni.com/en/support/downloads/software-products/download.labview-database-connectivity-toolkit.html#411229",
	addendum = "(accessed: 07.04.2024)",
}

@online{erwin,
	author = "erwin by Quest",
	year = "2023",
	title = "erwin Data Modeler Academic Edition",
	url  = "https://www.erwin.com/register/140454/",
	addendum = "(accessed: 01.04.2024)",
}